@unpublished{BoltondeFigGradeInflation2016,
    author =       {Bolton, Alexander and de Figueiredo, John M.},
    title =        {{Why have federal wages risen so rapidly?}},
    note =         {{Tech. rep., Duke University Law School}},
    year =         {2016}
}

@unpublished{BoltondeFigGenderPayGap2017,
    author =       {Bolton, Alexander and de Figueiredo, John M.},
    title =        {{Measuring and explaining the gender wage gap in the U.S. federal government}},
    note =         {{Tech. rep., Duke University Law School}},
    year =         {2017}
}

@misc{OPMGDS,
    author =       {{U.S. Office of Personnel Management, A}},
    title =        {{Guide to Data Standards}},
    url =          {https://catalog.data.gov/dataset/guide-to-data-standards-gds},
    urldate =      {2017-07-20}
}

@misc{OPMDataAnalysis,
    author =       {{U.S. Office of Personnel Management, B}},
    title =        {{Data, Analysis, and Documentation}},
    url =          {https://www.opm.gov/policy-data-oversight/data-analysis-documentation/},
    urldate =      {2017-07-20}
}

@misc{OPMFedScope,
    author =       {{U.S. Office of Personnel Management, C}},
    title =        {{FedScope}},
    url =          {https://www.fedscope.opm.gov/datadefn/aehri\_sdm.asp},
    urldate =      {2017-07-20}
}


